@article{Aguiar2019Revealing,
  title = {Revealing Biases in the Sampling of Ecological Interaction Networks},
  author = {de Aguiar, Marcus A. M. and Newman, Erica A. and Pires, Mathias M. and Yeakel, Justin D. and Boettiger, Carl and Burkle, Laura A. and Gravel, Dominique and Jr, Paulo R. Guimar{\~a}es and O'Donnell, James L. and Poisot, Timoth{\'e}e and Fortin, Marie-Jos{\'e}e and Hembry, David H.},
  year = {2019},
  journal = {PeerJ},
  volume = {7},
  pages = {e7566},
  publisher = {PeerJ Inc.},
  issn = {2167-8359},
  doi = {10.7717/peerj.7566},
  urldate = {2024-07-18},
  langid = {english}
}

@article{Albert2002Statistical,
  title = {Statistical Mechanics of Complex Networks},
  author = {Albert, R. and Barabasi, A. L.},
  year = {2002},
  journal = {Reviews of Modern Physics},
  volume = {74},
  number = {1},
  pages = {47--97},
  publisher = {Amer Physical Soc},
  address = {College Pk},
  issn = {0034-6861},
  doi = {10.1103/RevModPhys.74.47},
  urldate = {2022-03-24},
  langid = {english}
}

@article{Allesina2012Stability,
  title = {Stability Criteria for Complex Ecosystems},
  author = {Allesina, Stefano and Tang, Si},
  year = {2012},
  journal = {Nature},
  volume = {483},
  number = {7388},
  pages = {205--208},
  publisher = {Nature Publishing Group},
  issn = {1476-4687},
  doi = {10.1038/nature10832},
  urldate = {2024-07-16},
  langid = {english}
}

@book{Anderson2018Economy,
  title = {The {{Economy As An Evolving Complex System}}},
  author = {Anderson, Philip W.},
  year = {2018},
  publisher = {CRC Press},
  googlebooks = {ioNSDwAAQBAJ},
  isbn = {978-0-429-96139-7},
  langid = {english}
}

@article{Angilletta2004Temperature,
  title = {Temperature, {{Growth Rate}}, and {{Body Size}} in {{Ectotherms}}: {{Fitting Pieces}} of a {{Life-History Puzzle1}}},
  author = {Angilletta, Jr., Michael J. and Steury, Todd D. and Sears, Michael W.},
  year = {2004},
  journal = {Integrative and Comparative Biology},
  volume = {44},
  number = {6},
  pages = {498--509},
  issn = {1540-7063},
  doi = {10.1093/icb/44.6.498},
  urldate = {2024-07-12}
}

@article{Banville2021Mangal,
  title = {Mangal.Jl and {{EcologicalNetworks}}.Jl: {{Two}} Complementary Packages for Analyzing Ecological Networks in {{Julia}}},
  author = {Banville, Francis and Vissault, Steve and Poisot, Timoth{\'e}e},
  year = {2021},
  journal = {Journal of Open Source Software},
  volume = {6},
  number = {61},
  pages = {2721},
  issn = {2475-9066},
  doi = {10.21105/joss.02721},
  urldate = {2022-07-14},
  langid = {english}
}

@article{Bartomeus2016Common,
  title = {A Common Framework for Identifying Linkage Rules across Different Types of Interactions},
  author = {Bartomeus, Ignasi and Gravel, Dominique and Tylianakis, Jason M. and Aizen, Marcelo A. and Dickie, Ian A. and {Bernard-Verdier}, Maud},
  year = {2016},
  journal = {Functional Ecology},
  volume = {30},
  number = {12},
  pages = {1894--1903},
  issn = {1365-2435},
  doi = {10.1111/1365-2435.12666},
  urldate = {2022-08-12},
  langid = {english}
}

@article{Bascompte2003Nested,
  title = {The Nested Assembly of Plant-Animal Mutualistic Networks},
  author = {Bascompte, J. and Jordano, P. and Melian, C. J. and Olesen, J. M.},
  year = {2003},
  journal = {Proceedings of the National Academy of Sciences of the United States of America},
  volume = {100},
  number = {16},
  pages = {9383--9387},
  publisher = {Natl Acad Sciences},
  address = {Washington},
  issn = {0027-8424},
  doi = {10.1073/pnas.1633576100},
  urldate = {2022-02-22},
  langid = {english}
}

@book{Bascompte2013Mutualistic,
  title = {Mutualistic {{Networks}}},
  author = {Bascompte, Jordi and Jordano, Pedro},
  year = {2013},
  publisher = {Princeton University Press},
  googlebooks = {52SYDwAAQBAJ},
  isbn = {978-0-691-13126-9},
  langid = {english}
}

@article{Bastolla2009Architecture,
  title = {The Architecture of Mutualistic Networks Minimizes Competition and Increases Biodiversity},
  author = {Bastolla, Ugo and Fortuna, Miguel A. and {Pascual-Garcia}, Alberto and Ferrera, Antonio and Luque, Bartolo and Bascompte, Jordi},
  year = {2009},
  journal = {Nature},
  volume = {458},
  number = {7241},
  pages = {1018-U91},
  publisher = {Nature Publishing Group},
  address = {London},
  issn = {0028-0836},
  doi = {10.1038/nature07950},
  urldate = {2022-03-24},
  langid = {english}
}

@article{Beck2009Generalised,
  title = {Generalised Information and Entropy Measures in Physics},
  author = {Beck, Christian},
  year = {2009},
  journal = {Contemporary Physics},
  volume = {50},
  number = {4},
  pages = {495--510},
  publisher = {Taylor \& Francis},
  issn = {0010-7514},
  doi = {10.1080/00107510902823517},
  urldate = {2022-03-16}
}

@article{Benke2001Food,
  title = {Food Web Quantification Using Secondary Production Analysis: Predaceous Invertebrates of the Snag Habitat in a Subtropical River},
  author = {Benke, Arthur C. and Wallace, J. Bruce and Harrison, James W. and Koebel, Joseph W.},
  year = {2001},
  journal = {Freshwater Biology},
  volume = {46},
  number = {3},
  pages = {329--346},
  issn = {1365-2427},
  doi = {10.1046/j.1365-2427.2001.00680.x},
  urldate = {2024-07-15},
  langid = {english}
}

@article{Berlow2004Interaction,
  title = {Interaction Strengths in Food Webs: Issues and Opportunities},
  author = {Berlow, Eric L. and Neutel, Anje-Margiet and Cohen, Joel E. and De Ruiter, Peter C. and Ebenman, Bo and Emmerson, Mark and Fox, Jeremy W. and Jansen, Vincent A. A. and Iwan Jones, J. and Kokkoris, Giorgos D. and Logofet, Dmitrii O. and McKane, Alan J. and Montoya, Jose M. and Petchey, Owen},
  year = {2004},
  journal = {Journal of Animal Ecology},
  volume = {73},
  number = {3},
  pages = {585--598},
  issn = {1365-2656},
  doi = {10.1111/j.0021-8790.2004.00833.x},
  urldate = {2024-07-15},
  langid = {english}
}

@article{Bersier2002Quantitative,
  title = {Quantitative {{Descriptors}} of {{Food-Web Matrices}}},
  author = {Bersier, Louis-F{\'e}lix and {Bana{\v s}ek-Richter}, Carolin and Cattin, Marie-France},
  year = {2002},
  journal = {Ecology},
  volume = {83},
  number = {9},
  pages = {2394--2407},
  issn = {1939-9170},
  doi = {10.1890/0012-9658(2002)083[2394:QDOFWM]2.0.CO;2},
  urldate = {2024-07-15},
  langid = {english}
}

@article{Bluthgen2010Why,
  title = {Why Network Analysis Is Often Disconnected from Community Ecology: {{A}} Critique and an Ecologist's Guide},
  author = {Bl{\"u}thgen, Nico},
  year = {2010},
  journal = {Basic and Applied Ecology},
  volume = {11},
  number = {3},
  pages = {185--195},
  issn = {1439-1791},
  doi = {10.1016/j.baae.2010.01.001},
  urldate = {2024-07-15}
}

@article{Bolnick2011Why,
  title = {Why Intraspecific Trait Variation Matters in Community Ecology},
  author = {Bolnick, Daniel I. and Amarasekare, Priyanga and Ara{\'u}jo, M{\'a}rcio S. and B{\"u}rger, Reinhard and Levine, Jonathan M. and Novak, Mark and Rudolf, Volker H. W. and Schreiber, Sebastian J. and Urban, Mark C. and Vasseur, David A.},
  year = {2011},
  journal = {Trends in Ecology \& Evolution},
  volume = {26},
  number = {4},
  pages = {183--192},
  publisher = {Elsevier},
  issn = {0169-5347},
  doi = {10.1016/j.tree.2011.01.009},
  urldate = {2024-07-12},
  langid = {english}
}

@book{Bonabeau1999Swarm,
  title = {Swarm {{Intelligence}}: {{From Natural}} to {{Artificial Systems}}},
  author = {Bonabeau, Eric and Dorigo, Marco and Theraulaz, {and} Guy},
  year = {1999},
  series = {Santa {{Fe Institute Studies}} on the {{Sciences}} of {{Complexity}}},
  publisher = {Oxford University Press},
  address = {Oxford, New York},
  isbn = {978-0-19-513159-8}
}

@article{Borrett2019Walk,
  title = {Walk Partitions of Flow in {{Ecological Network Analysis}}: {{Review}} and Synthesis of Methods and Indicators},
  author = {Borrett, Stuart R. and Scharler, Ursula M.},
  year = {2019},
  journal = {Ecological Indicators},
  volume = {106},
  pages = {105451},
  issn = {1470-160X},
  doi = {10.1016/j.ecolind.2019.105451},
  urldate = {2024-07-15}
}

@article{Brimacombe2024Applying,
  title = {Applying a Method before Its Proof of Concept: {{A}} Cautionary Tale Using Inferred Food Webs},
  author = {Brimacombe, Chris and Bodner, Korryn and Fortin, Marie-Jos{\'e}e},
  year = {2024},
  journal = {Global Change Biology},
  volume = {30},
  number = {6},
  pages = {e17360},
  issn = {1365-2486},
  doi = {10.1111/gcb.17360},
  urldate = {2024-07-16}
}

@article{Brose2004Unified,
  title = {Unified Spatial Scaling of Species and Their Trophic Interactions},
  author = {Brose, Ulrich and Ostling, Annette and Harrison, Kateri and Martinez, Neo D.},
  year = {2004},
  journal = {Nature},
  volume = {428},
  number = {6979},
  pages = {167--171},
  publisher = {Nature Publishing Group},
  issn = {1476-4687},
  doi = {10.1038/nature02297},
  urldate = {2024-07-16},
  langid = {english}
}

@article{Canard2012Emergence,
  title = {Emergence of {{Structural Patterns}} in {{Neutral Trophic Networks}}},
  author = {Canard, Elsa and Mouquet, Nicolas and Marescot, Lucile and Gaston, Kevin J. and Gravel, Dominique and Mouillot, David},
  year = {2012},
  journal = {PLOS ONE},
  volume = {7},
  number = {8},
  pages = {e38295},
  publisher = {Public Library of Science},
  issn = {1932-6203},
  doi = {10.1371/journal.pone.0038295},
  urldate = {2024-07-12},
  langid = {english}
}

@article{Canard2014Empirical,
  title = {Empirical {{Evaluation}} of {{Neutral Interactions}} in {{Host-Parasite Networks}}.},
  author = {Canard, Elsa and Mouquet, N. and Mouillot, D. and Stanko, M. and Miklisova, D. and Gravel, D.},
  year = {2014},
  journal = {The American Naturalist},
  volume = {183},
  number = {4},
  pages = {468--479},
  publisher = {The University of Chicago Press},
  issn = {0003-0147},
  doi = {10.1086/675363},
  urldate = {2022-08-12}
}

@article{Caron2024Traitmatching,
  title = {Trait-Matching Models Predict Pairwise Interactions across Regions, Not Food Web Properties},
  author = {Caron, Dominique and Brose, Ulrich and Lurgi, Miguel and Blanchet, F. Guillaume and Gravel, Dominique and Pollock, Laura J.},
  year = {2024},
  journal = {Global Ecology and Biogeography},
  volume = {33},
  number = {4},
  pages = {e13807},
  issn = {1466-8238},
  doi = {10.1111/geb.13807},
  urldate = {2024-07-18},
  langid = {english}
}

@article{Carpenter1987Regulation,
  title = {Regulation of {{Lake Primary Productivity}} by {{Food Web Structure}}},
  author = {Carpenter, S. R. and Kitchell, J. F. and Hodgson, J. R. and Cochran, P. A. and Elser, J. J. and Elser, M. M. and Lodge, D. M. and Kretchmer, D. and He, X. and {von Ende}, C. N.},
  year = {1987},
  journal = {Ecology},
  volume = {68},
  number = {6},
  pages = {1863--1876},
  issn = {1939-9170},
  doi = {10.2307/1939878},
  urldate = {2024-07-11},
  langid = {english}
}

@article{Caruso2022Fluctuating,
  title = {Fluctuating Ecological Networks: {{A}} Synthesis of Maximum-Entropy Approaches for Pattern Detection and Process Inference},
  author = {Caruso, Tancredi and Clemente, Giulio Virginio and Rillig, Matthias C. and Garlaschelli, Diego},
  year = {2022},
  journal = {Methods in Ecology and Evolution},
  volume = {13},
  number = {11},
  pages = {2306--2317},
  issn = {2041-210X},
  doi = {10.1111/2041-210X.13985},
  urldate = {2023-06-23},
  langid = {english}
}

@article{Chacoff2012Evaluating,
  title = {Evaluating Sampling Completeness in a Desert Plant--Pollinator Network},
  author = {Chacoff, Natacha P. and V{\'a}zquez, Diego P. and Lom{\'a}scolo, Silvia B. and Stevani, Erica L. and Dorado, Jimena and Padr{\'o}n, Benigno},
  year = {2012},
  journal = {Journal of Animal Ecology},
  volume = {81},
  number = {1},
  pages = {190--200},
  issn = {1365-2656},
  doi = {10.1111/j.1365-2656.2011.01883.x},
  urldate = {2024-07-15},
  langid = {english}
}

@article{Choh2012Predatorprey,
  title = {Predator-Prey Role Reversals, Juvenile Experience and Adult Antipredator Behaviour},
  author = {Choh, Yasuyuki and Ignacio, Maira and Sabelis, Maurice W. and Janssen, Arne},
  year = {2012},
  journal = {Scientific Reports},
  volume = {2},
  number = {1},
  pages = {728},
  publisher = {Nature Publishing Group},
  issn = {2045-2322},
  doi = {10.1038/srep00728},
  urldate = {2024-07-17},
  langid = {english}
}

@article{Cimini2019Statistical,
  title = {The Statistical Physics of Real-World Networks},
  author = {Cimini, Giulio and Squartini, Tiziano and Saracco, Fabio and Garlaschelli, Diego and Gabrielli, Andrea and Caldarelli, Guido},
  year = {2019},
  journal = {Nature Reviews Physics},
  volume = {1},
  number = {1},
  pages = {58--71},
  publisher = {Nature Publishing Group},
  issn = {2522-5820},
  doi = {10.1038/s42254-018-0002-6},
  urldate = {2022-03-24},
  langid = {english}
}

@article{Cirtwill2019Quantitative,
  title = {A Quantitative Framework for Investigating the Reliability of Empirical Network Construction},
  author = {Cirtwill, Alyssa R. and Eklof, Anna and Roslin, Tomas and Wootton, Kate and Gravel, Dominique},
  year = {2019},
  journal = {Methods in Ecology and Evolution},
  volume = {10},
  number = {6},
  pages = {902--911},
  publisher = {Wiley},
  address = {Hoboken},
  issn = {2041-210X},
  doi = {10.1111/2041-210X.13180},
  urldate = {2022-07-14},
  langid = {english}
}

@article{Clark2001Ecological,
  title = {Ecological {{Forecasts}}: {{An Emerging Imperative}}},
  author = {Clark, James S. and Carpenter, Steven R. and Barber, Mary and Collins, Scott and Dobson, Andy and Foley, Jonathan A. and Lodge, David M. and Pascual, Mercedes and Pielke, Roger and Pizer, William and Pringle, Cathy and Reid, Walter V. and Rose, Kenneth A. and Sala, Osvaldo and Schlesinger, William H. and Wall, Diana H. and Wear, David},
  year = {2001},
  journal = {Science},
  volume = {293},
  number = {5530},
  pages = {657--660},
  publisher = {American Association for the Advancement of Science},
  doi = {10.1126/science.293.5530.657},
  urldate = {2024-07-18}
}

@book{Cohen1978Food,
  title = {Food {{Webs}} and {{Niche Space}}. ({{MPB-11}}), {{Volume}} 11},
  author = {Cohen, Joel E.},
  year = {1978},
  eprint = {j.ctvx5wc04},
  eprinttype = {jstor},
  publisher = {Princeton University Press},
  doi = {10.2307/j.ctvx5wc04},
  urldate = {2024-07-16},
  isbn = {978-0-691-08201-1}
}

@article{Cohen1984Trophic,
  title = {Trophic Links of Community Food Webs.},
  author = {Cohen, J E and Briand, F},
  year = {1984},
  journal = {Proceedings of the National Academy of Sciences},
  volume = {81},
  number = {13},
  pages = {4105--4109},
  publisher = {Proceedings of the National Academy of Sciences},
  doi = {10.1073/pnas.81.13.4105},
  urldate = {2024-07-16}
}

@article{Cohen1997Stochastic,
  title = {A Stochastic Theory of Community Food Webs {{I}}. {{Models}} and Aggregated Data},
  author = {Cohen, Joel E. and Newman, C. M. and Steele, John Hyslop},
  year = {1997},
  journal = {Proceedings of the Royal Society of London. Series B. Biological Sciences},
  volume = {224},
  number = {1237},
  pages = {421--448},
  publisher = {Royal Society},
  doi = {10.1098/rspb.1985.0042},
  urldate = {2024-07-18}
}

@article{Cohen2003Ecological,
  title = {Ecological Community Description Using the Food Web, Species Abundance, and Body Size},
  author = {Cohen, Joel E. and Jonsson, Tomas and Carpenter, Stephen R.},
  year = {2003},
  journal = {Proceedings of the National Academy of Sciences},
  volume = {100},
  number = {4},
  pages = {1781--1786},
  publisher = {National Academy of Sciences},
  issn = {0027-8424, 1091-6490},
  doi = {10.1073/pnas.232715699},
  urldate = {2022-02-22},
  chapter = {Biological Sciences},
  langid = {english}
}

@book{Cohen2012Community,
  title = {Community {{Food Webs}}: {{Data}} and {{Theory}}},
  author = {Cohen, Joel E. and Briand, Fr{\'e}d{\'e}ric and Newman, Charles M.},
  year = {2012},
  publisher = {Springer Science \& Business Media},
  googlebooks = {xPT0CAAAQBAJ},
  isbn = {978-3-642-83784-5},
  langid = {english}
}

@article{Dansereau2020Re,
  title = {[{{Re}}] {{Chaos}} in a {{Three-Species Food Chain}}},
  author = {Dansereau, Gabriel and Banville, Francis and Basque, Elodie and MacDonald, Andrew and Poisot, Timoth{\'e}e},
  year = {2020},
  journal = {ReScience C},
  volume = {6},
  number = {3},
  pages = {\#5},
  doi = {10.5281/zenodo.4022518},
  urldate = {2020-09-14}
}

@article{Dansereau2023Spatially,
  title = {Spatially Explicit Predictions of Food Web Structure from Regional Level Data},
  author = {Dansereau, Gabriel and Barros, Ceres and Poisot, Timoth{\'e}e},
  year = {2023},
  publisher = {EcoEvoRxiv},
  urldate = {2024-07-16},
  langid = {english}
}

@article{Delmas2019Analysing,
  title = {Analysing Ecological Networks of Species Interactions},
  author = {Delmas, Eva and Besson, Mathilde and Brice, Marie H{\'e}l{\`e}ne and Burkle, Laura A. and Dalla Riva, Giulio V. and Fortin, Marie Jos{\'e}e and Gravel, Dominique and Guimar{\~a}es, Paulo R. and Hembry, David H. and Newman, Erica A. and Olesen, Jens M. and Pires, Mathias M. and Yeakel, Justin D. and Poisot, Timoth{\'e}e},
  year = {2019},
  journal = {Biological Reviews},
  doi = {10.1111/brv.12433}
}

@article{Desjardins-Proulx2017Ecological,
  title = {Ecological Interactions and the {{Netflix}} Problem},
  author = {{Desjardins-Proulx}, Philippe and Laigle, Idaline and Poisot, Timoth{\'e}e and Gravel, Dominique},
  year = {2017},
  journal = {PeerJ},
  volume = {5},
  pages = {e3644},
  publisher = {PeerJ Inc.},
  issn = {2167-8359},
  doi = {10.7717/peerj.3644},
  urldate = {2024-07-18},
  langid = {english}
}

@incollection{Dickinson2010Citizen,
  title = {Citizen {{Science}} as an {{Ecological Research Tool}}: {{Challenges}} and {{Benefits}}},
  booktitle = {Annual {{Review}} of {{Ecology}}, {{Evolution}}, and {{Systematics}}, {{Vol}} 41},
  author = {Dickinson, Janis L. and Zuckerberg, Benjamin and Bonter, David N.},
  editor = {Futuyma, D. J. and Shafer, H. B. and Simberloff, D.},
  year = {2010},
  volume = {41},
  pages = {149--172},
  publisher = {Annual Reviews},
  address = {Palo Alto},
  issn = {1543-592X},
  doi = {10.1146/annurev-ecolsys-102209-144636},
  urldate = {2022-08-13},
  isbn = {978-0-8243-1441-5},
  langid = {english}
}

@article{Donahue1987Reservoir,
  title = {Reservoir Competence of White-Footed Mice for {{Lyme}} Disease Spirochetes},
  author = {Donahue, J G and Piesman, J and Spielman, A},
  year = {1987},
  journal = {The American journal of tropical medicine and hygiene},
  volume = {36},
  number = {1},
  pages = {92--96},
  issn = {1476-1645},
  doi = {10.4269/ajtmh.1987.36.92},
  urldate = {2024-07-10},
  langid = {english}
}

@article{Dunne2002Network,
  title = {Network Structure and Biodiversity Loss in Food Webs: Robustness Increases with Connectance},
  author = {Dunne, Jennifer A. and Williams, Richard J. and Martinez, Neo D.},
  year = {2002},
  journal = {Ecology Letters},
  volume = {5},
  number = {4},
  pages = {558--567},
  issn = {1461-0248},
  doi = {10.1046/j.1461-0248.2002.00354.x},
  urldate = {2022-08-08},
  langid = {english}
}

@article{Dunning2017Jump,
  title = {{{JuMP}}: {{A Modeling Language}} for {{Mathematical Optimization}}},
  author = {Dunning, Iain and Huchette, Joey and Lubin, Miles},
  year = {2017},
  journal = {SIAM Review},
  volume = {59},
  number = {2},
  pages = {295--320},
  issn = {0036-1445, 1095-7200},
  doi = {10.1137/15M1020575},
  urldate = {2021-12-08},
  langid = {english}
}

@article{Elkinton1996Interactions,
  title = {Interactions {{Among Gypsy Moths}}, {{White-footed Mice}}, and {{Acorns}}},
  author = {Elkinton, Joseph S. and Healy, William M. and Buonaccorsi, John P. and Boettner, George H. and Hazzard, Anne M. and Smith, Harvey R.},
  year = {1996},
  journal = {Ecology},
  volume = {77},
  number = {8},
  pages = {2332--2342},
  issn = {1939-9170},
  doi = {10.2307/2265735},
  urldate = {2024-07-10},
  langid = {english}
}

@book{Elton1927Animal,
  title = {Animal {{Ecology}}},
  author = {Elton, Charles S.},
  year = {1927},
  publisher = {University of Chicago Press},
  googlebooks = {lZvgTuB9Gh4C},
  isbn = {978-0-226-20639-4},
  langid = {english}
}

@book{Elton1958Ecology,
  title = {The {{Ecology}} of {{Invasions}} by {{Animals}} and {{Plants}}},
  author = {Elton, Charles S.},
  year = {1958},
  publisher = {Springer Nature},
  googlebooks = {nwzWDwAAQBAJ},
  isbn = {978-3-030-34721-5},
  langid = {english}
}

@article{Emmerson2004Predatorprey,
  title = {Predator-{{Prey Body Size}}, {{Interaction Strength}} and the {{Stability}} of a {{Real Food Web}}},
  author = {Emmerson, Mark C. and Raffaelli, Dave},
  year = {2004},
  journal = {Journal of Animal Ecology},
  volume = {73},
  number = {3},
  eprint = {3505650},
  eprinttype = {jstor},
  pages = {399--409},
  publisher = {[Wiley, British Ecological Society]},
  issn = {0021-8790},
  urldate = {2024-07-15}
}

@article{Evans2012Predictive,
  title = {Predictive Ecology: Systems Approaches {{{\emph{Introduction}}}}},
  author = {Evans, Matthew R. and Norris, Ken J. and Benton, Tim G.},
  year = {2012},
  journal = {PHILOSOPHICAL TRANSACTIONS OF THE ROYAL SOCIETY B-BIOLOGICAL SCIENCES},
  volume = {367},
  number = {1586},
  pages = {163--169},
  publisher = {Royal Soc},
  address = {London},
  issn = {0962-8436, 1471-2970},
  doi = {10.1098/rstb.2011.0191},
  urldate = {2024-07-18},
  langid = {english}
}

@article{Evans2013Robustness,
  title = {The Robustness of a Network of Ecological Networks to Habitat Loss},
  author = {Evans, Darren M. and Pocock, Michael J. O. and Memmott, Jane},
  year = {2013},
  journal = {Ecology Letters},
  volume = {16},
  number = {7},
  pages = {844--852},
  issn = {1461-0248},
  doi = {10.1111/ele.12117},
  urldate = {2024-07-11},
  langid = {english}
}

@article{Foote2007Mathematics,
  title = {Mathematics and {{Complex Systems}}},
  author = {Foote, Richard},
  year = {2007},
  journal = {Science},
  volume = {318},
  number = {5849},
  pages = {410--412},
  publisher = {American Association for the Advancement of Science},
  doi = {10.1126/science.1141754},
  urldate = {2024-07-09}
}

@article{Fortuna2006Habitat,
  title = {Habitat Loss and the Structure of Plant-Animal Mutualistic Networks},
  author = {Fortuna, M. A. and Bascompte, J.},
  year = {2006},
  journal = {Ecology Letters},
  volume = {9},
  number = {3},
  pages = {278--283},
  issn = {1461-023X},
  doi = {10.1111/j.1461-0248.2005.00868.x},
  urldate = {2022-02-22},
  langid = {english}
}

@article{Fortuna2010Nestedness,
  ids = {FortStou10},
  title = {Nestedness versus Modularity in Ecological Networks: Two Sides of the Same Coin?},
  author = {Fortuna, M. A. and Stouffer, Daniel B. and Olesen, Jens M. and Jordano, Pedro and Mouillot, David and Krasnov, Boris R. and Poulin, Robert and Bascompte, Jordi},
  year = {2010},
  journal = {Journal of Animal Ecology},
  volume = {79},
  number = {4},
  pages = {811--817},
  publisher = {[Wiley, British Ecological Society]},
  issn = {0021-8790},
  doi = {10.1111/j.1365-2656.2010.01688.x}
}

@article{Frank2009Common,
  title = {The Common Patterns of Nature},
  author = {Frank, S. A.},
  year = {2009},
  journal = {Journal of Evolutionary Biology},
  volume = {22},
  number = {8},
  pages = {1563--1585},
  issn = {1010-061X},
  doi = {10.1111/j.1420-9101.2009.01775.x},
  urldate = {2024-07-18}
}

@article{Frank2011Simple,
  title = {A Simple Derivation and Classification of Common Probability Distributions Based on Information Symmetry and Measurement Scale},
  author = {Frank, S. A. and Smith, E.},
  year = {2011},
  journal = {Journal of Evolutionary Biology},
  volume = {24},
  number = {3},
  pages = {469--484},
  issn = {1420-9101},
  doi = {10.1111/j.1420-9101.2010.02204.x},
  urldate = {2022-03-16},
  langid = {english}
}

@book{Freedman2013Environmental,
  title = {Environmental {{Ecology}}: {{The Impacts}} of {{Pollution}} and {{Other Stresses}} on {{Ecosystem Structure}} and {{Function}}},
  author = {Freedman, Bill},
  year = {2013},
  publisher = {Elsevier},
  googlebooks = {ahslBQAAQBAJ},
  isbn = {978-1-4832-7811-7},
  langid = {english}
}

@article{Gilman2010Framework,
  title = {A Framework for Community Interactions under Climate Change},
  author = {Gilman, Sarah E. and Urban, Mark C. and Tewksbury, Joshua and Gilchrist, George W. and Holt, Robert D.},
  year = {2010},
  journal = {Trends in Ecology \& Evolution},
  volume = {25},
  number = {6},
  pages = {325--331},
  issn = {0169-5347},
  doi = {10.1016/j.tree.2010.03.002},
  urldate = {2024-07-11}
}

@article{Golub1987Generalization,
  title = {A Generalization of the {{Eckart-Young-Mirsky}} Matrix Approximation Theorem},
  author = {Golub, G. H. and Hoffman, Alan and Stewart, G. W.},
  year = {1987},
  journal = {Linear Algebra and its Applications},
  volume = {88--89},
  pages = {317--327},
  issn = {0024-3795},
  doi = {10.1016/0024-3795(87)90114-5},
  urldate = {2023-06-27},
  langid = {english}
}

@article{Golubski2011Modifying,
  title = {Modifying Modifiers: What Happens When Interspecific Interactions Interact?},
  author = {Golubski, Antonio J. and Abrams, Peter A.},
  year = {2011},
  journal = {Journal of Animal Ecology},
  volume = {80},
  number = {5},
  pages = {1097--1108},
  issn = {1365-2656},
  doi = {10.1111/j.1365-2656.2011.01852.x},
  urldate = {2024-07-16},
  langid = {english}
}

@article{Gomez2011Functional,
  title = {The {{Functional Consequences}} of {{Mutualistic Network Architecture}}},
  author = {G{\'o}mez, Jos{\'e} M. and Perfectti, Francisco and Jordano, Pedro},
  year = {2011},
  journal = {PLOS ONE},
  volume = {6},
  number = {1},
  pages = {e16143},
  publisher = {Public Library of Science},
  issn = {1932-6203},
  doi = {10.1371/journal.pone.0016143},
  urldate = {2022-08-08},
  langid = {english}
}

@article{Gonzalez2020Scalingup,
  title = {Scaling-up Biodiversity-Ecosystem Functioning Research},
  author = {Gonzalez, Andrew and Germain, Rachel M. and Srivastava, Diane S. and Filotas, Elise and Dee, Laura E. and Gravel, Dominique and Thompson, Patrick L. and Isbell, Forest and Wang, Shaopeng and K{\'e}fi, Sonia and Montoya, Jose and Zelnik, Yuval R. and Loreau, Michel},
  year = {2020},
  journal = {Ecology Letters},
  volume = {23},
  number = {4},
  pages = {757--776},
  issn = {1461-0248},
  doi = {10.1111/ele.13456},
  urldate = {2024-07-12},
  langid = {english}
}

@article{Gravel2013Inferring,
  title = {Inferring Food Web Structure from Predator--Prey Body Size Relationships},
  author = {Gravel, Dominique and Poisot, Timoth{\'e}e and Albouy, Camille and Velez, Laure and Mouillot, David},
  year = {2013},
  journal = {Methods in Ecology and Evolution},
  volume = {4},
  number = {11},
  pages = {1083--1090},
  issn = {2041-210X},
  doi = {10.1111/2041-210X.12103},
  urldate = {2024-07-12},
  langid = {english}
}

@article{Guimaraes2020Structure,
  title = {The {{Structure}} of {{Ecological Networks Across Levels}} of {{Organization}}},
  author = {Guimar{\~a}es, Paulo R.},
  year = {2020},
  journal = {Annual Review of Ecology, Evolution, and Systematics},
  volume = {51},
  number = {Volume 51, 2020},
  pages = {433--460},
  publisher = {Annual Reviews},
  issn = {1543-592X, 1545-2069},
  doi = {10.1146/annurev-ecolsys-012220-120819},
  urldate = {2024-07-12},
  langid = {english}
}

@article{Harremoes2001Maximum,
  title = {Maximum {{Entropy Fundamentals}}},
  author = {Harremo{\"e}s, Peter and Tops{\o}e, Flemming},
  year = {2001},
  journal = {Entropy},
  volume = {3},
  number = {3},
  pages = {191--226},
  publisher = {Molecular Diversity Preservation International},
  issn = {1099-4300},
  doi = {10.3390/e3030191},
  urldate = {2022-03-23},
  langid = {english}
}

@article{Harte2008Maximum,
  title = {Maximum {{Entropy}} and the {{State-Variable Approach}} to {{Macroecology}}},
  author = {Harte, J. and Zillio, T. and Conlisk, E. and Smith, A. B.},
  year = {2008},
  journal = {Ecology},
  volume = {89},
  number = {10},
  pages = {2700--2711},
  issn = {1939-9170},
  doi = {10.1890/07-1369.1},
  urldate = {2020-03-31},
  langid = {english}
}

@article{Harte2014Maximum,
  title = {Maximum Information Entropy: A Foundation for Ecological Theory},
  author = {Harte, J. and Newman, Erica A.},
  year = {2014},
  journal = {Trends in Ecology \& Evolution},
  volume = {29},
  number = {7},
  pages = {384--389},
  issn = {0169-5347},
  doi = {10.1016/j.tree.2014.04.009},
  urldate = {2020-10-02},
  langid = {english}
}

@article{Harte2014Maximuma,
  title = {Maximum Information Entropy: A Foundation for Ecological Theory},
  author = {Harte, John and Newman, Erica A.},
  year = {2014},
  journal = {Trends in Ecology \& Evolution},
  volume = {29},
  number = {7},
  pages = {384--389},
  issn = {0169-5347},
  doi = {10.1016/j.tree.2014.04.009},
  urldate = {2024-07-18}
}

@article{Hastings1991Chaos,
  title = {Chaos in a {{Three-Species Food Chain}}},
  author = {Hastings, Alan and Powell, Thomas},
  year = {1991},
  journal = {Ecology},
  volume = {72},
  number = {3},
  pages = {896--903},
  issn = {1939-9170},
  doi = {10.2307/1940591},
  urldate = {2024-05-29},
  langid = {english}
}

@article{Herrera1989Pollinator,
  title = {Pollinator Abundance, Morphology, and Flower Visitation Rate: Analysis of the ``Quantity'' Component in a Plant-Pollinator System},
  author = {Herrera, Carlos M.},
  year = {1989},
  journal = {Oecologia},
  volume = {80},
  number = {2},
  pages = {241--248},
  issn = {1432-1939},
  doi = {10.1007/BF00380158},
  urldate = {2024-07-15},
  langid = {english}
}

@article{Higino2023Mismatch,
  title = {Mismatch between {{IUCN}} Range Maps and Species Interactions Data Illustrated Using the {{Serengeti}} Food Web},
  author = {Higino, Gracielle T. and Banville, Francis and Dansereau, Gabriel and Mu{\~n}oz, Norma Rocio Forero and Windsor, Fredric and Poisot, Timoth{\'e}e},
  year = {2023},
  journal = {PeerJ},
  volume = {11},
  pages = {e14620},
  publisher = {PeerJ Inc.},
  issn = {2167-8359},
  doi = {10.7717/peerj.14620},
  urldate = {2023-02-10},
  langid = {english}
}

@article{Hortal2015Seven,
  title = {Seven {{Shortfalls}} That {{Beset Large-Scale Knowledge}} of {{Biodiversity}}},
  author = {Hortal, Joaqu{\'i}n and {de Bello}, Francesco and {Diniz-Filho}, Jos{\'e} Alexandre F. and Lewinsohn, Thomas M. and Lobo, Jorge M. and Ladle, Richard J.},
  year = {2015},
  journal = {Annual Review of Ecology, Evolution, and Systematics},
  volume = {46},
  number = {1},
  pages = {523--549},
  doi = {10.1146/annurev-ecolsys-112414-054400},
  urldate = {2021-12-10}
}

@article{Ims2013Indirect,
  title = {Indirect Food Web Interactions Mediated by Predator--Rodent Dynamics: Relative Roles of Lemmings and Voles},
  author = {Ims, Rolf A. and Henden, John-Andr{\'e} and Thingnes, Anders V. and Killengreen, Siw T.},
  year = {2013},
  journal = {Biology Letters},
  volume = {9},
  number = {6},
  pages = {20130802},
  publisher = {Royal Society},
  doi = {10.1098/rsbl.2013.0802},
  urldate = {2024-07-16}
}

@article{Ings2009Review,
  title = {Review: {{Ecological}} Networks -- beyond Food Webs},
  author = {Ings, Thomas C. and Montoya, Jos{\'e} M. and Bascompte, Jordi and Bl{\"u}thgen, Nico and Brown, Lee and Dormann, Carsten F. and Edwards, Fran{\c c}ois and Figueroa, David and Jacob, Ute and Jones, J. Iwan and Lauridsen, Rasmus B. and Ledger, Mark E. and Lewis, Hannah M. and Olesen, Jens M. and Van Veen, F.J. Frank and Warren, Phil H. and Woodward, Guy},
  year = {2009},
  journal = {Journal of Animal Ecology},
  volume = {78},
  number = {1},
  pages = {253--269},
  issn = {1365-2656},
  doi = {10.1111/j.1365-2656.2008.01460.x},
  urldate = {2022-08-09},
  langid = {english}
}

@article{Jaynes1957Information,
  title = {Information {{Theory}} and {{Statistical Mechanics}}. {{II}}},
  author = {Jaynes, E. T.},
  year = {1957},
  journal = {Physical Review},
  volume = {108},
  number = {2},
  pages = {171--190},
  publisher = {American Physical Society},
  doi = {10.1103/PhysRev.108.171},
  urldate = {2022-03-16}
}

@article{Jaynes1957Informationa,
  title = {Information {{Theory}} and {{Statistical Mechanics}}},
  author = {Jaynes, E. T.},
  year = {1957},
  journal = {Physical Review},
  volume = {106},
  number = {4},
  pages = {620--630},
  publisher = {American Physical Society},
  doi = {10.1103/PhysRev.106.620},
  urldate = {2022-03-16}
}

@article{Jordano2016Chasing,
  title = {Chasing {{Ecological Interactions}}},
  author = {Jordano, Pedro},
  year = {2016},
  journal = {PLOS Biology},
  volume = {14},
  number = {9},
  pages = {e1002559},
  publisher = {Public Library of Science},
  issn = {1545-7885},
  doi = {10.1371/journal.pbio.1002559},
  urldate = {2024-07-18},
  langid = {english}
}

@article{Jordano2016Sampling,
  title = {Sampling Networks of Ecological Interactions},
  author = {Jordano, Pedro},
  year = {2016},
  journal = {Functional Ecology},
  volume = {30},
  number = {12},
  pages = {1883--1893},
  issn = {1365-2435},
  doi = {10.1111/1365-2435.12763},
  urldate = {2022-08-09},
  langid = {english}
}

@book{Khinchin2013Mathematical,
  title = {Mathematical {{Foundations}} of {{Information Theory}}},
  author = {Khinchin, A. Ya},
  year = {2013},
  publisher = {Courier Corporation},
  googlebooks = {cdvCAgAAQBAJ},
  isbn = {978-0-486-31844-8},
  langid = {english}
}

@article{Kirkpatrick1983Optimization,
  title = {Optimization by {{Simulated Annealing}}},
  author = {Kirkpatrick, S. and Gelatt, C. D. and Vecchi, M. P.},
  year = {1983},
  journal = {Science},
  volume = {220},
  number = {4598},
  pages = {671--680},
  publisher = {American Association for the Advancement of Science},
  doi = {10.1126/science.220.4598.671},
  urldate = {2023-06-27}
}

@article{Kokkoris2002Variability,
  title = {Variability in {{Interaction Strength}} and {{Implications}} for {{Biodiversity}}},
  author = {Kokkoris, Giorgos D. and Jansen, Vincent A. A. and Loreau, Michel and Troumbis, Andreas Y.},
  year = {2002},
  journal = {Journal of Animal Ecology},
  volume = {71},
  number = {2},
  eprint = {2693452},
  eprinttype = {jstor},
  pages = {362--371},
  publisher = {[Wiley, British Ecological Society]},
  issn = {0021-8790},
  urldate = {2024-07-15}
}

@article{Kullback1951Information,
  title = {On {{Information}} and {{Sufficiency}}},
  author = {Kullback, S. and Leibler, R. A.},
  year = {1951},
  journal = {The Annals of Mathematical Statistics},
  volume = {22},
  number = {1},
  pages = {79--86},
  publisher = {Institute of Mathematical Statistics},
  issn = {0003-4851, 2168-8990},
  doi = {10.1214/aoms/1177729694},
  urldate = {2023-06-27}
}

@article{Ladyman2013What,
  title = {What Is a Complex System?},
  author = {Ladyman, James and Lambert, James and Wiesner, Karoline},
  year = {2013},
  journal = {European Journal for Philosophy of Science},
  volume = {3},
  number = {1},
  pages = {33--67},
  issn = {1879-4920},
  doi = {10.1007/s13194-012-0056-8},
  urldate = {2024-07-09},
  langid = {english}
}

@article{Landi2018Complexity,
  title = {Complexity and Stability of Ecological Networks: A Review of the Theory},
  author = {Landi, Pietro and Minoarivelo, Henintsoa O. and Br{\"a}nnstr{\"o}m, {\AA}ke and Hui, Cang and Dieckmann, Ulf},
  year = {2018},
  journal = {Population Ecology},
  volume = {60},
  number = {4},
  pages = {319--345},
  issn = {1438-390X},
  doi = {10.1007/s10144-018-0628-3},
  urldate = {2024-07-16},
  langid = {english}
}

@article{Lane1991Lyme,
  title = {Lyme {{Borreliosis}}: {{Relation}} of {{Its Causative Agent}} to {{Its Vectors}} and {{Hosts}} in {{North America}} and {{Europe}}},
  author = {Lane, R. S. and Piesman, J. and Burgdorfer, W.},
  year = {1991},
  journal = {Annual Review of Entomology},
  volume = {36},
  number = {Volume 36, 1991},
  pages = {587--609},
  publisher = {Annual Reviews},
  issn = {0066-4170, 1545-4487},
  doi = {10.1146/annurev.en.36.010191.003103},
  urldate = {2024-07-10},
  langid = {english}
}

@article{Lawlor2022Ten,
  title = {Ten Simple Rules for Teaching Yourself {{R}}},
  author = {Lawlor, Jake and Banville, Francis and {Forero-Mu{\~n}oz}, Norma-Rocio and H{\'e}bert, Katherine and {Mart{\'i}nez-Lanfranco}, Juan Andr{\'e}s and Rogy, Pierre and MacDonald, A. Andrew M.},
  year = {2022},
  journal = {PLOS Computational Biology},
  volume = {18},
  number = {9},
  pages = {e1010372},
  publisher = {Public Library of Science},
  issn = {1553-7358},
  doi = {10.1371/journal.pcbi.1010372},
  urldate = {2022-10-03},
  langid = {english}
}

@book{Loreau2010Populations,
  title = {From {{Populations}} to {{Ecosystems}}: {{Theoretical Foundations}} for a {{New Ecological Synthesis}} ({{MPB-46}})},
  author = {Loreau, Michel},
  year = {2010},
  publisher = {Princeton University Press},
  doi = {10.1515/9781400834167},
  urldate = {2024-07-12},
  isbn = {978-1-4008-3416-7},
  langid = {english}
}

@book{Lotka1925Elements,
  title = {Elements of {{Physical Biology}}},
  author = {Lotka, Alfred James},
  year = {1925},
  publisher = {Williams \& Wilkins},
  googlebooks = {lsPQAAAAMAAJ},
  isbn = {978-0-598-81268-1},
  langid = {english}
}

@article{Luna2013Influence,
  title = {Influence of {{Body Size}} on {{Dietary Nutrition}} of {{White-Tailed Deer}} {{{\emph{Odocoileus}}}}{\emph{ Virginianus}}},
  author = {Luna, Ryan S. and Duarte, Adam and Weckerly, Floyd W.},
  year = {2013},
  journal = {JOURNAL OF FISH AND WILDLIFE MANAGEMENT},
  volume = {4},
  number = {1},
  pages = {53--62},
  publisher = {U S Fish \& Wildlife Service},
  address = {Shepherdstown},
  issn = {1944-687X},
  doi = {10.3996/092012-JFWM-085},
  urldate = {2024-07-12},
  langid = {english}
}

@article{MacDonald2020Revisiting,
  ids = {MacDBanv20a},
  title = {Revisiting the {{Links-Species Scaling Relationship}} in {{Food Webs}}},
  author = {MacDonald, Arthur Andrew Meahan and Banville, Francis and Poisot, Timoth{\'e}e},
  year = {2020},
  journal = {Patterns},
  volume = {0},
  number = {0},
  publisher = {Elsevier},
  issn = {2666-3899},
  doi = {10.1016/j.patter.2020.100079},
  urldate = {2020-09-14},
  langid = {english}
}

@article{Maiorano2020Tetraeu,
  title = {{{TETRA-EU}} 1.0: {{A}} Species-Level Trophic Metaweb of {{European}} Tetrapods},
  author = {Maiorano, Luigi and Montemaggiori, Alessandro and Ficetola, Gentile Francesco and O'Connor, Louise and Thuiller, Wilfried},
  year = {2020},
  journal = {Global Ecology and Biogeography},
  volume = {29},
  number = {9},
  pages = {1452--1457},
  issn = {1466-8238},
  doi = {10.1111/geb.13138},
  urldate = {2024-07-12},
  langid = {english}
}

@article{Martinez1992Constant,
  title = {Constant {{Connectance}} in {{Community Food Webs}}},
  author = {Martinez, Neo D.},
  year = {1992},
  journal = {The American Naturalist},
  volume = {139},
  number = {6},
  pages = {1208--1218},
  publisher = {The University of Chicago Press},
  issn = {0003-0147},
  doi = {10.1086/285382},
  urldate = {2024-07-16}
}

@article{Martyushev2006Maximum,
  title = {Maximum Entropy Production Principle in Physics, Chemistry and Biology},
  author = {Martyushev, L. M. and Seleznev, V. D.},
  year = {2006},
  journal = {Physics Reports-Review Section of Physics Letters},
  volume = {426},
  number = {1},
  pages = {1--45},
  publisher = {Elsevier},
  address = {Amsterdam},
  issn = {0370-1573},
  doi = {10.1016/j.physrep.2005.12.001},
  urldate = {2022-03-16},
  langid = {english}
}

@article{May1972Will,
  title = {Will a {{Large Complex System}} Be {{Stable}}?},
  author = {May, Robert M.},
  year = {1972},
  journal = {Nature},
  volume = {238},
  number = {5364},
  pages = {413--414},
  publisher = {Nature Publishing Group},
  issn = {1476-4687},
  doi = {10.1038/238413a0},
  urldate = {2024-07-11},
  langid = {english}
}

@article{McCann2007Protecting,
  title = {Protecting Biostructure},
  author = {McCann, Kevin S.},
  year = {2007},
  journal = {Nature},
  volume = {446},
  number = {7131},
  pages = {29--29},
  publisher = {Nature Publishing Group},
  issn = {1476-4687},
  doi = {10.1038/446029a},
  urldate = {2024-07-10},
  langid = {english}
}

@book{McCann2011Food,
  title = {Food {{Webs}} ({{MPB-50}})},
  author = {McCann, Kevin S.},
  year = {2011},
  journal = {Food Webs (MPB-50)},
  publisher = {Princeton University Press},
  doi = {10.1515/9781400840687},
  urldate = {2022-08-12},
  isbn = {978-1-4008-4068-7},
  langid = {english}
}

@article{McGill2010Mechanisms,
  title = {Mechanisms in Macroecology: {{AWOL}} or Purloined Letter? {{Towards}} a Pragmatic View of Mechanism},
  author = {McGill, Brian J. and Nekola, Jeffrey C.},
  year = {2010},
  journal = {Oikos},
  volume = {119},
  number = {4},
  pages = {591--603},
  issn = {1600-0706},
  doi = {10.1111/j.1600-0706.2009.17771.x},
  urldate = {2024-07-18},
  langid = {english}
}

@article{McShea1993Variablea,
  title = {Variable {{Acorn Crops}}: {{Responses}} of {{White-Tailed Deer}} and Other {{Mast Consumers}}},
  author = {McShea, William J. and Schwede, Georg},
  year = {1993},
  journal = {Journal of Mammalogy},
  volume = {74},
  number = {4},
  pages = {999--1006},
  issn = {0022-2372},
  doi = {10.2307/1382439},
  urldate = {2024-07-10}
}

@article{McShea2000Influence,
  title = {The {{Influence}} of {{Acorn Crops}} on {{Annual Variation}} in {{Rodent}} and {{Bird Populations}}},
  author = {McShea, William J.},
  year = {2000},
  journal = {Ecology},
  volume = {81},
  number = {1},
  pages = {228--238},
  issn = {1939-9170},
  doi = {10.1890/0012-9658(2000)081[0228:TIOACO]2.0.CO;2},
  urldate = {2024-07-10},
  langid = {english}
}

@article{Memmott2004Tolerance,
  title = {Tolerance of Pollination Networks to Species Extinctions},
  author = {Memmott, Jane and Waser, Nickolas M. and Price, Mary V.},
  year = {2004},
  journal = {Proceedings of the Royal Society of London. Series B: Biological Sciences},
  volume = {271},
  number = {1557},
  pages = {2605--2611},
  publisher = {Royal Society},
  doi = {10.1098/rspb.2004.2909},
  urldate = {2024-07-18}
}

@article{Milo2002Network,
  title = {Network Motifs: {{Simple}} Building Blocks of Complex Networks},
  author = {Milo, R. and {Shen-Orr}, S. and Itzkovitz, S. and Kashtan, N. and Chklovskii, D. and Alon, U.},
  year = {2002},
  journal = {Science},
  volume = {298},
  number = {5594},
  pages = {824--827},
  publisher = {Amer Assoc Advancement Science},
  address = {Washington},
  issn = {0036-8075},
  doi = {10.1126/science.298.5594.824},
  urldate = {2022-03-24},
  langid = {english}
}

@article{Montoya2003Food,
  title = {Food Web Complexity and Higher-Level Ecosystem Services},
  author = {Montoya, Jos{\'e} M. and Rodr{\'i}guez, Miguel A. and Hawkins, Bradford A.},
  year = {2003},
  journal = {Ecology Letters},
  volume = {6},
  number = {7},
  pages = {587--593},
  issn = {1461-0248},
  doi = {10.1046/j.1461-0248.2003.00469.x},
  urldate = {2024-07-15},
  langid = {english}
}

@article{Newman2003Structure,
  title = {The {{Structure}} and {{Function}} of {{Complex Networks}}},
  author = {Newman, M. E. J.},
  year = {2003},
  journal = {SIAM Review},
  volume = {45},
  number = {2},
  pages = {167--256},
  publisher = {{Society for Industrial and Applied Mathematics}},
  issn = {0036-1445},
  doi = {10.1137/S003614450342480},
  urldate = {2024-07-09}
}

@article{Nielsen2000Emergent,
  title = {Emergent Properties of Ecosystems.},
  author = {Nielsen, Sven N. and Muller, Felix},
  year = {2000},
  journal = {Handbook of ecosystem theories and management},
  pages = {195--216},
  googlebooks = {D79Hay1AnbIC},
  langid = {english}
}

@article{Niquil2020Shifting,
  title = {Shifting Levels of Ecological Network's Analysis Reveals Different System Properties},
  author = {Niquil, Nathalie and Haraldsson, Matilda and {Sime-Ngando}, Telesphore and Huneman, Philippe and Borrett, Stuart R.},
  year = {2020},
  journal = {PHILOSOPHICAL TRANSACTIONS OF THE ROYAL SOCIETY B-BIOLOGICAL SCIENCES},
  volume = {375},
  number = {1796},
  pages = {20190326},
  publisher = {Royal Soc},
  address = {London},
  issn = {0962-8436, 1471-2970},
  doi = {10.1098/rstb.2019.0326},
  urldate = {2024-07-12},
  langid = {english}
}

@article{Ogden2009Emergence,
  title = {The Emergence of {{Lyme}} Disease in {{Canada}}},
  author = {Ogden, Nicholas H. and Lindsay, L. Robbin and Morshed, Muhammad and Sockett, Paul N. and Artsob, Harvey},
  year = {2009},
  journal = {CANADIAN MEDICAL ASSOCIATION JOURNAL},
  volume = {180},
  number = {12},
  pages = {1221--1224},
  publisher = {Cma-Canadian Medical Assoc},
  address = {Ottawa},
  issn = {0820-3946, 1488-2329},
  doi = {10.1503/cmaj.080148},
  urldate = {2024-07-10},
  langid = {english}
}

@article{Okuyama2008Network,
  title = {Network Structural Properties Mediate the Stability of Mutualistic Communities},
  author = {Okuyama, Toshinori and Holland, J. Nathaniel},
  year = {2008},
  journal = {Ecology Letters},
  volume = {11},
  number = {3},
  pages = {208--216},
  issn = {1461-0248},
  doi = {10.1111/j.1461-0248.2007.01137.x},
  urldate = {2024-07-16},
  langid = {english}
}

@article{Ostfeld2006Climate,
  title = {Climate, Deer, Rodents, and Acorns as Determinants of Variation in {{Lyme-disease}} Risk},
  author = {Ostfeld, Richard S. and Canham, Charles D. and Oggenfuss, Kelly and Winchcombe, Raymond J. and Keesing, Felicia},
  year = {2006},
  journal = {PLoS BIOLOGY},
  volume = {4},
  number = {6},
  pages = {1058--1068},
  publisher = {Public Library Science},
  address = {San Francisco},
  issn = {1544-9173, 1545-7885},
  doi = {10.1371/journal.pbio.0040145},
  urldate = {2024-07-10},
  langid = {english}
}

@article{Paine1992Foodweb,
  title = {Food-Web Analysis through Field Measurement of per Capita Interaction Strength},
  author = {Paine, R. T.},
  year = {1992},
  journal = {Nature},
  volume = {355},
  number = {6355},
  pages = {73--75},
  publisher = {Nature Publishing Group},
  issn = {1476-4687},
  doi = {10.1038/355073a0},
  urldate = {2024-07-15},
  langid = {english}
}

@article{Park2004Statistical,
  title = {Statistical Mechanics of Networks},
  author = {Park, Juyong and Newman, M.E.J.},
  year = {2004},
  journal = {Physical Review E},
  volume = {70},
  number = {6},
  pages = {066117},
  publisher = {American Physical Society},
  doi = {10.1103/PhysRevE.70.066117},
  urldate = {2021-11-08}
}

@book{Pascual2006Ecological,
  title = {Ecological {{Networks}}: {{Linking Structure}} to {{Dynamics}} in {{Food Webs}}},
  author = {Pascual, Mercedes and Dunne, Jennifer A.},
  year = {2006},
  publisher = {Oxford University Press, USA},
  isbn = {978-0-19-518816-5},
  langid = {english}
}

@book{Pascual2006Ecologicala,
  title = {Ecological {{Networks}}: {{Linking Structure}} to {{Dynamics}} in {{Food Webs}}},
  author = {Pascual, Mercedes and Dunne, Jennifer A.},
  year = {2006},
  publisher = {Oxford University Press, USA},
  googlebooks = {YpQRDAAAQBAJ},
  isbn = {978-0-19-518816-5},
  langid = {english}
}

@article{Phillips2006Maximum,
  title = {Maximum Entropy Modeling of Species Geographic Distributions},
  author = {Phillips, Steven J. and Anderson, Robert P. and Schapire, Robert E.},
  year = {2006},
  journal = {Ecological Modelling},
  volume = {190},
  number = {3},
  pages = {231--259},
  issn = {0304-3800},
  doi = {10.1016/j.ecolmodel.2005.03.026},
  urldate = {2021-07-19},
  langid = {english}
}

@article{Pichler2020Machine,
  title = {Machine Learning Algorithms to Infer Trait-Matching and Predict Species Interactions in Ecological Networks},
  author = {Pichler, Maximilian and Boreux, Virginie and Klein, Alexandra-Maria and Schleuning, Matthias and Hartig, Florian},
  year = {2020},
  journal = {Methods in Ecology and Evolution},
  volume = {11},
  number = {2},
  pages = {281--293},
  issn = {2041-210X},
  doi = {10.1111/2041-210X.13329},
  urldate = {2024-07-18},
  langid = {english}
}

@incollection{Pielou1975Ecological,
  title = {Ecological Diversity},
  author = {Pielou, Evelyn C},
  year = {1975},
  number = {574.524018 P5}
}

@article{Pilosof2017Multilayer,
  title = {The Multilayer Nature of Ecological Networks},
  author = {Pilosof, Shai and Porter, Mason A. and Pascual, Mercedes and K{\'e}fi, Sonia},
  year = {2017},
  journal = {Nature Ecology \& Evolution},
  volume = {1},
  number = {4},
  pages = {1--9},
  publisher = {Nature Publishing Group},
  issn = {2397-334X},
  doi = {10.1038/s41559-017-0101},
  urldate = {2024-07-10},
  langid = {english}
}

@article{Poisot2012Dissimilarity,
  title = {The Dissimilarity of Species Interaction Networks},
  author = {Poisot, Timoth{\'e}e and Canard, Elsa and Mouillot, David and Mouquet, Nicolas and Gravel, Dominique},
  year = {2012},
  journal = {Ecology Letters},
  volume = {15},
  number = {12},
  pages = {1353--1361},
  issn = {1461-0248},
  doi = {10.1111/ele.12002},
  urldate = {2024-07-12},
  langid = {english}
}

@article{Poisot2014When,
  title = {When Is an Ecological Network Complex? {{Connectance}} Drives Degree Distribution and Emerging Network Properties},
  author = {Poisot, Timoth{\'e}e and Gravel, Dominique},
  year = {2014},
  journal = {PeerJ},
  volume = {2},
  pages = {e251},
  publisher = {PeerJ Inc.},
  issn = {2167-8359},
  doi = {10.7717/peerj.251},
  urldate = {2022-08-08},
  langid = {english}
}

@article{Poisot2015Species,
  title = {Beyond Species: Why Ecological Interaction Networks Vary through Space and Time},
  author = {Poisot, Timoth{\'e}e and Stouffer, Daniel B. and Gravel, Dominique},
  year = {2015},
  journal = {Oikos},
  volume = {124},
  number = {3},
  pages = {243--251},
  issn = {1600-0706},
  doi = {10.1111/oik.01719},
  urldate = {2022-08-12},
  langid = {english}
}

@article{Poisot2016Mangal,
  title = {Mangal - Making Ecological Network Analysis Simple},
  author = {Poisot, Timoth{\'e}e and Baiser, Benjamin and Dunne, Jennifer A. and Kefi, Sonia and Massol, Francois and Mouquet, Nicolas and Romanuk, Tamara N. and Stouffer, Daniel B. and Wood, Spencer A. and Gravel, Dominique},
  year = {2016},
  journal = {Ecography},
  volume = {39},
  number = {4},
  pages = {384--390},
  publisher = {Wiley},
  address = {Hoboken},
  issn = {0906-7590},
  doi = {10.1111/ecog.00976},
  urldate = {2022-07-14},
  langid = {english}
}

@article{Poisot2016Structure,
  title = {The Structure of Probabilistic Networks},
  author = {Poisot, Timoth{\'e}e and Cirtwill, Alyssa R. and Cazelles, K{\'e}vin and Gravel, Dominique and Fortin, Marie-Jos{\'e}e and Stouffer, Daniel B.},
  year = {2016},
  journal = {Methods in Ecology and Evolution},
  volume = {7},
  number = {3},
  pages = {303--312},
  issn = {2041-210X},
  doi = {10.1111/2041-210X.12468},
  urldate = {2024-07-16},
  langid = {english}
}

@article{Poisot2021Global,
  title = {Global Knowledge Gaps in Species Interaction Networks Data},
  author = {Poisot, Timoth{\'e}e and Bergeron, Gabriel and Cazelles, Kevin and Dallas, Tad and Gravel, Dominique and MacDonald, Andrew and Mercier, Benjamin and Violet, Cl{\'e}ment and Vissault, Steve},
  year = {2021},
  journal = {Journal of Biogeography},
  volume = {48},
  number = {7},
  pages = {1552--1563},
  issn = {1365-2699},
  doi = {10.1111/jbi.14127},
  urldate = {2022-08-09},
  langid = {english}
}

@misc{Pomeranz2018Data,
  title = {Data from: {{Inferring}} Predator-Prey Interactions in Food Webs},
  author = {Pomeranz, Justin Page and Thompson, Ross M. and Poisot, Timoth{\'e}e and Harding, Jon S. and Pomeranz, Justin P. F.},
  year = {2018},
  pages = {196520 bytes},
  publisher = {Dryad},
  doi = {10.5061/DRYAD.K59M37F},
  urldate = {2021-11-08},
  langid = {english}
}

@article{Pomeranz2019Inferring,
  title = {Inferring Predator--Prey Interactions in Food Webs},
  author = {Pomeranz, Justin Page and Thompson, Ross M. and Poisot, Timoth{\'e}e and Harding, Jon S.},
  year = {2019},
  journal = {Methods in Ecology and Evolution},
  volume = {10},
  number = {3},
  pages = {356--367},
  issn = {2041-210X},
  doi = {10.1111/2041-210X.13125},
  urldate = {2022-08-12},
  langid = {english}
}

@article{Post2002Long,
  title = {The Long and Short of Food-Chain Length},
  author = {Post, David M.},
  year = {2002},
  journal = {Trends in Ecology \& Evolution},
  volume = {17},
  number = {6},
  pages = {269--277},
  issn = {0169-5347},
  doi = {10.1016/S0169-5347(02)02455-2},
  urldate = {2024-07-15}
}

@article{Proulx2005Network,
  title = {Network Thinking in Ecology and Evolution},
  author = {Proulx, Stephen R. and Promislow, Daniel E. L. and Phillips, Patrick C.},
  year = {2005},
  journal = {Trends in Ecology \& Evolution},
  series = {{{SPECIAL ISSUE}}: {{BUMPER BOOK REVIEW}}},
  volume = {20},
  number = {6},
  pages = {345--353},
  issn = {0169-5347},
  doi = {10.1016/j.tree.2005.04.004},
  urldate = {2024-07-10}
}

@incollection{Riede2010Chapter,
  title = {Chapter 3 - {{Scaling}} of {{Food-Web Properties}} with {{Diversity}} and {{Complexity Across Ecosystems}}},
  booktitle = {Advances in {{Ecological Research}}},
  author = {Riede, Jens O. and Rall, Bj{\"o}rn C. and {Banasek-Richter}, Carolin and Navarrete, Sergio A. and Wieters, Evie A. and Emmerson, Mark C. and Jacob, Ute and Brose, Ulrich},
  editor = {Woodward, Guy},
  year = {2010},
  series = {Ecological {{Networks}}},
  volume = {42},
  pages = {139--170},
  publisher = {Academic Press},
  doi = {10.1016/B978-0-12-381363-3.00003-4},
  urldate = {2024-07-16}
}

@article{Rind1999Complexity,
  title = {Complexity and {{Climate}}},
  author = {Rind, D.},
  year = {1999},
  journal = {Science},
  volume = {284},
  number = {5411},
  pages = {105--107},
  publisher = {American Association for the Advancement of Science},
  doi = {10.1126/science.284.5411.105},
  urldate = {2024-07-09}
}

@article{Rooney2012Integrating,
  title = {Integrating Food Web Diversity, Structure and Stability},
  author = {Rooney, Neil and McCann, Kevin S.},
  year = {2012},
  journal = {Trends in Ecology \& Evolution},
  volume = {27},
  number = {1},
  pages = {40--46},
  issn = {0169-5347},
  doi = {10.1016/j.tree.2011.09.001},
  urldate = {2024-07-10}
}

@article{Rozdilsky2001Complexity,
  title = {Complexity Can Enhance Stability in Competitive Systems},
  author = {Rozdilsky, Ian D. and Stone, Lewi},
  year = {2001},
  journal = {Ecology Letters},
  volume = {4},
  number = {5},
  pages = {397--400},
  issn = {1461-0248},
  doi = {10.1046/j.1461-0248.2001.00249.x},
  urldate = {2024-07-18},
  langid = {english}
}

@book{Sachs1993Global,
  title = {Global {{Ecology}}: {{A New Arena}} of {{Political Conflict}}},
  author = {Sachs, Wolfgang},
  year = {1993},
  publisher = {Zed Books},
  isbn = {978-1-85649-164-8},
  langid = {english}
}

@article{Saravia2022Ecological,
  title = {Ecological Network Assembly: {{How}} the Regional Metaweb Influences Local Food Webs},
  author = {Saravia, Leonardo A. and Marina, Tom{\'a}s I. and Kristensen, Nadiah P. and De Troch, Marleen and Momo, Fernando R.},
  year = {2022},
  journal = {Journal of Animal Ecology},
  volume = {91},
  number = {3},
  pages = {630--642},
  issn = {1365-2656},
  doi = {10.1111/1365-2656.13652},
  urldate = {2024-07-12},
  langid = {english}
}

@article{Shannon1948Mathematical,
  title = {A Mathematical Theory of Communication},
  author = {Shannon, C. E.},
  year = {1948},
  journal = {The Bell System Technical Journal},
  volume = {27},
  number = {3},
  pages = {379--423},
  issn = {0005-8580},
  doi = {10.1002/j.1538-7305.1948.tb01338.x}
}

@article{Short1975Nutrition,
  title = {Nutrition of {{Southern Deer}} in {{Different Seasons}}},
  author = {Short, Henry L.},
  year = {1975},
  journal = {The Journal of Wildlife Management},
  volume = {39},
  number = {2},
  eprint = {3799909},
  eprinttype = {jstor},
  pages = {321--329},
  publisher = {[Wiley, Wildlife Society]},
  issn = {0022-541X},
  doi = {10.2307/3799909},
  urldate = {2024-07-12}
}

@article{Simmonds2022Insights,
  title = {Insights into the Quantification and Reporting of Model-Related Uncertainty across Different Disciplines},
  author = {Simmonds, Emily G. and Adjei, Kwaku Peprah and Andersen, Christoffer Wold and Hetle Aspheim, Janne Cathrin and Battistin, Claudia and Bulso, Nicola and Christensen, Hannah M. and Cretois, Benjamin and Cubero, Ryan and Davidovich, Iv{\'a}n A. and Dickel, Lisa and Dunn, Benjamin and {Dunn-Sigouin}, Etienne and Dyrstad, Karin and Einum, Sigurd and Giglio, Donata and Gjerl{\o}w, Haakon and Godefroidt, Am{\'e}lie and {Gonz{\'a}lez-Gil}, Ricardo and Gonzalo Cogno, Soledad and Gro{\ss}e, Fabian and Halloran, Paul and Jensen, Mari F. and Kennedy, John James and Langs{\ae}ther, Peter Egge and Laverick, Jack H. and Lederberger, Debora and Li, Camille and Mandeville, Elizabeth G. and Mandeville, Caitlin and Moe, Espen and Navarro Schr{\"o}der, Tobias and Nunan, David and {Sicacha-Parada}, Jorge and Simpson, Melanie Rae and Skarstein, Emma Sofie and Spensberger, Clemens and Stevens, Richard and Subramanian, Aneesh C. and Svendsen, Lea and Theisen, Ole Magnus and Watret, Connor and O'Hara, Robert B.},
  year = {2022},
  journal = {iScience},
  volume = {25},
  number = {12},
  pages = {105512},
  issn = {2589-0042},
  doi = {10.1016/j.isci.2022.105512},
  urldate = {2024-07-16}
}

@article{Simmonds2024Recommendations,
  title = {Recommendations for Quantitative Uncertainty Consideration in Ecology and Evolution},
  author = {Simmonds, Emily G. and Adjei, Kwaku P. and Cretois, Benjamin and Dickel, Lisa and {Gonz{\'a}lez-Gil}, Ricardo and Laverick, Jack H. and Mandeville, Caitlin P. and Mandeville, Elizabeth G. and Ovaskainen, Otso and {Sicacha-Parada}, Jorge and Skarstein, Emma S. and O'Hara, Bob},
  year = {2024},
  journal = {Trends in Ecology \& Evolution},
  volume = {39},
  number = {4},
  pages = {328--337},
  issn = {0169-5347},
  doi = {10.1016/j.tree.2023.10.012},
  urldate = {2024-07-16}
}

@article{Simon2014Climate,
  title = {Climate Change and Habitat Fragmentation Drive the Occurrence of {{Borrelia}} Burgdorferi, the Agent of {{Lyme}} Disease, at the Northeastern Limit of Its Distribution},
  author = {Simon, Julie A. and Marrotte, Robby R. and Desrosiers, Nathalie and Fiset, Jessica and Gaitan, Jorge and Gonzalez, Andrew and Koffi, Jules K. and Lapointe, Francois-Joseph and Leighton, Patrick A. and Lindsay, Lindsay R. and Logan, Travis and Milord, Francois and Ogden, Nicholas H. and Rogic, Anita and {Roy-Dufresne}, Emilie and Suter, Daniel and Tessier, Nathalie and Millien, Virginie},
  year = {2014},
  journal = {EVOLUTIONARY APPLICATIONS},
  volume = {7},
  number = {7},
  pages = {750--764},
  publisher = {Wiley},
  address = {Hoboken},
  issn = {1752-4571},
  doi = {10.1111/eva.12165},
  urldate = {2024-07-10},
  langid = {english}
}

@article{Smith-Ramesh2017Global,
  title = {Global Synthesis Suggests That Food Web Connectance Correlates to Invasion Resistance},
  author = {{Smith-Ramesh}, Lauren M. and Moore, Alexandria C. and Schmitz, Oswald J.},
  year = {2017},
  journal = {Global Change Biology},
  volume = {23},
  number = {2},
  pages = {465--473},
  issn = {1365-2486},
  doi = {10.1111/gcb.13460},
  urldate = {2024-07-16},
  langid = {english}
}

@article{Sole2001Complexity,
  title = {Complexity and Fragility in Ecological Networks},
  author = {Sol{\'e}, Ricard V. and Montoya, M.},
  year = {2001},
  journal = {Proceedings of the Royal Society of London. Series B: Biological Sciences},
  volume = {268},
  number = {1480},
  pages = {2039--2045},
  issn = {0962-8452, 1471-2954},
  doi = {10.1098/rspb.2001.1767},
  urldate = {2024-07-18},
  langid = {english}
}

@article{Sporns2011Human,
  title = {The Human Connectome: A Complex Network},
  author = {Sporns, Olaf},
  year = {2011},
  journal = {Annals of the New York Academy of Sciences},
  volume = {1224},
  number = {1},
  pages = {109--125},
  issn = {1749-6632},
  doi = {10.1111/j.1749-6632.2010.05888.x},
  urldate = {2024-07-09},
  langid = {english}
}

@article{Srinivasan2007Response,
  title = {Response of {{Complex Food Webs}} to {{Realistic Extinction Sequences}}},
  author = {Srinivasan, U. Thara and Dunne, Jennifer A. and Harte, John and Martinez, Neo D.},
  year = {2007},
  journal = {Ecology},
  volume = {88},
  number = {3},
  pages = {671--682},
  issn = {1939-9170},
  doi = {10.1890/06-0971},
  urldate = {2024-07-11},
  langid = {english}
}

@article{Staniczenko2010Structural,
  title = {Structural Dynamics and Robustness of Food Webs},
  author = {Staniczenko, Phillip P. A. and Lewis, Owen T. and Jones, Nick S. and {Reed-Tsochas}, Felix},
  year = {2010},
  journal = {Ecology Letters},
  volume = {13},
  number = {7},
  pages = {891--899},
  issn = {1461-0248},
  doi = {10.1111/j.1461-0248.2010.01485.x},
  urldate = {2024-07-11},
  langid = {english}
}

@article{Staniczenko2013Ghost,
  ids = {StanKopp13,StanKopp13a},
  title = {The Ghost of Nestedness in Ecological Networks},
  author = {Staniczenko, Phillip P. A. and Kopp, Jason C. and Allesina, Stefano},
  year = {2013},
  journal = {Nature Communications},
  volume = {4},
  number = {1},
  pages = {1391},
  publisher = {Nature Publishing Group},
  issn = {2041-1723},
  doi = {10.1038/ncomms2422},
  urldate = {2020-11-09},
  langid = {english}
}

@article{Stock2017Linear,
  title = {Linear Filtering Reveals False Negatives in Species Interaction Data},
  author = {Stock, Michiel and Poisot, Timoth{\'e}e and Waegeman, Willem and De Baets, Bernard},
  year = {2017},
  journal = {Scientific Reports},
  volume = {7},
  number = {1},
  pages = {45908},
  publisher = {Nature Publishing Group},
  issn = {2045-2322},
  doi = {10.1038/srep45908},
  urldate = {2024-07-15},
  langid = {english}
}

@article{Stock2021Optimal,
  title = {Optimal Transportation Theory for Species Interaction Networks},
  author = {Stock, Michiel and Poisot, Timoth{\'e}e and De Baets, Bernard},
  year = {2021},
  journal = {Ecology and Evolution},
  volume = {11},
  number = {9},
  pages = {3841--3855},
  issn = {2045-7758},
  doi = {10.1002/ece3.7254},
  urldate = {2021-11-08},
  langid = {english}
}

@article{Stouffer2007Evidence,
  title = {Evidence for the Existence of a Robust Pattern of Prey Selection in Food Webs},
  author = {Stouffer, Daniel B. and Camacho, Juan and Jiang, Wenxin and Nunes Amaral, Luis A.},
  year = {2007},
  journal = {Proceedings of the Royal Society B-Biological Sciences},
  volume = {274},
  number = {1621},
  pages = {1931--1940},
  publisher = {Royal Soc},
  address = {London},
  issn = {0962-8452},
  doi = {10.1098/rspb.2007.0571},
  urldate = {2022-02-22},
  langid = {english}
}

@article{Stouffer2011Compartmentalization,
  title = {Compartmentalization Increases Food-Web Persistence},
  author = {Stouffer, Daniel B. and Bascompte, Jordi},
  year = {2011},
  journal = {Proceedings of the National Academy of Sciences},
  volume = {108},
  number = {9},
  pages = {3648--3652},
  publisher = {Proceedings of the National Academy of Sciences},
  doi = {10.1073/pnas.1014353108},
  urldate = {2022-03-24}
}

@article{Stouffer2011Role,
  title = {The Role of Body Mass in Diet Contiguity and Food-Web Structure},
  author = {Stouffer, Daniel B. and Rezende, Enrico L. and Amaral, Lu{\'i}s A. Nunes},
  year = {2011},
  journal = {Journal of Animal Ecology},
  volume = {80},
  number = {3},
  pages = {632--639},
  issn = {1365-2656},
  doi = {10.1111/j.1365-2656.2011.01812.x},
  urldate = {2024-07-12},
  langid = {english}
}

@article{Stroud2015Community,
  title = {Is a Community Still a Community? {{Reviewing}} Definitions of Key Terms in Community Ecology},
  author = {Stroud, James T. and Bush, Michael R. and Ladd, Mark C. and Nowicki, Robert J. and Shantz, Andrew A. and Sweatman, Jennifer},
  year = {2015},
  journal = {Ecology and Evolution},
  volume = {5},
  number = {21},
  pages = {4757--4765},
  issn = {2045-7758},
  doi = {10.1002/ece3.1651},
  urldate = {2024-07-10},
  pmcid = {PMC4662321}
}

@article{Strydom2021Roadmapa,
  title = {A Roadmap towards Predicting Species Interaction Networks (across Space and Time)},
  author = {Strydom, Tanya and Catchen, Michael D. and Banville, Francis and Caron, Dominique and Dansereau, Gabriel and {Desjardins-Proulx}, Philippe and {Forero-Mu{\~n}oz}, Norma R. and Higino, Gracielle and Mercier, Benjamin and Gonzalez, Andrew and Gravel, Dominique and Pollock, Laura and Poisot, Timoth{\'e}e},
  year = {2021},
  journal = {Philosophical Transactions of the Royal Society B: Biological Sciences},
  volume = {376},
  number = {1837},
  pages = {20210063},
  publisher = {Royal Society},
  doi = {10.1098/rstb.2021.0063},
  urldate = {2021-10-25}
}

@article{Strydom2021Svd,
  title = {{{SVD Entropy Reveals}} the {{High Complexity}} of {{Ecological Networks}}},
  author = {Strydom, Tanya and Dalla Riva, Giulio V. and Poisot, Timothee},
  year = {2021},
  journal = {Frontiers in Ecology and Evolution},
  volume = {9},
  pages = {623141},
  publisher = {Frontiers Media Sa},
  address = {Lausanne},
  issn = {2296-701X},
  doi = {10.3389/fevo.2021.623141},
  urldate = {2022-02-22},
  langid = {english}
}

@article{Strydom2022Food,
  title = {Food Web Reconstruction through Phylogenetic Transfer of Low-Rank Network Representation},
  author = {Strydom, Tanya and Bouskila, Salom{\'e} and Banville, Francis and Barros, Ceres and Caron, Dominique and Farrell, Maxwell J. and Fortin, Marie-Jos{\'e}e and Hemming, Victoria and Mercier, Benjamin and Pollock, Laura J. and Runghen, Rogini and Dalla Riva, Giulio V. and Poisot, Timoth{\'e}e},
  year = {2022},
  journal = {Methods in Ecology and Evolution},
  volume = {13},
  number = {12},
  pages = {2838--2849},
  issn = {2041-210X},
  doi = {10.1111/2041-210X.13835},
  urldate = {2023-03-07},
  langid = {english}
}

@article{Strydom2023Grapha,
  title = {Graph Embedding and Transfer Learning Can Help Predict Potential Species Interaction Networks despite Data Limitations},
  author = {Strydom, Tanya and Bouskila, Salom{\'e} and Banville, Francis and Barros, Ceres and Caron, Dominique and Farrell, Maxwell J. and Fortin, Marie-Jos{\'e}e and Mercier, Benjamin and Pollock, Laura J. and Runghen, Rogini and Dalla Riva, Giulio V. and Poisot, Timoth{\'e}e},
  year = {2023},
  journal = {Methods in Ecology and Evolution},
  volume = {14},
  number = {12},
  pages = {2917--2930},
  issn = {2041-210X},
  doi = {10.1111/2041-210X.14228},
  urldate = {2024-05-28},
  langid = {english}
}

@article{Thebault2010Stability,
  title = {Stability of {{Ecological Communities}} and the {{Architecture}} of {{Mutualistic}} and {{Trophic Networks}}},
  author = {Th{\'e}bault, Elisa and Fontaine, Colin},
  year = {2010},
  journal = {Science},
  volume = {329},
  number = {5993},
  pages = {853--856},
  publisher = {American Association for the Advancement of Science},
  doi = {10.1126/science.1188321},
  urldate = {2024-07-16}
}

@article{Thompson2012Food,
  title = {Food Webs: Reconciling the Structure and Function of Biodiversity},
  author = {Thompson, Ross M. and Brose, Ulrich and Dunne, Jennifer A. and Hall, Robert O. and Hladyz, Sally and Kitching, Roger L. and Martinez, Neo D. and Rantala, Heidi and Romanuk, Tamara N. and Stouffer, Daniel B. and Tylianakis, Jason M.},
  year = {2012},
  journal = {Trends in Ecology \& Evolution},
  volume = {27},
  number = {12},
  pages = {689--697},
  publisher = {Elsevier},
  issn = {0169-5347},
  doi = {10.1016/j.tree.2012.08.005},
  urldate = {2024-07-16},
  langid = {english}
}

@article{Tylianakis2007Habitat,
  title = {Habitat Modification Alters the Structure of Tropical Host--Parasitoid Food Webs},
  author = {Tylianakis, Jason M. and Tscharntke, Teja and Lewis, Owen T.},
  year = {2007},
  journal = {Nature},
  volume = {445},
  number = {7124},
  pages = {202--205},
  publisher = {Nature Publishing Group},
  issn = {1476-4687},
  doi = {10.1038/nature05429},
  urldate = {2024-07-12},
  langid = {english}
}

@article{Tylianakis2008Global,
  title = {Global Change and Species Interactions in Terrestrial Ecosystems},
  author = {Tylianakis, Jason M. and Didham, Raphael K. and Bascompte, Jordi and Wardle, David A.},
  year = {2008},
  journal = {Ecology Letters},
  volume = {11},
  number = {12},
  pages = {1351--1363},
  issn = {1461-0248},
  doi = {10.1111/j.1461-0248.2008.01250.x},
  urldate = {2024-07-11},
  langid = {english}
}

@article{Tylianakis2017Ecological,
  title = {Ecological {{Networks Across Environmental Gradients}}},
  author = {Tylianakis, Jason M. and Morris, Rebecca J.},
  year = {2017},
  journal = {Annual Review of Ecology, Evolution, and Systematics},
  volume = {48},
  number = {Volume 48, 2017},
  pages = {25--48},
  publisher = {Annual Reviews},
  issn = {1543-592X, 1545-2069},
  doi = {10.1146/annurev-ecolsys-110316-022821},
  urldate = {2024-07-16},
  langid = {english}
}

@article{Valiente-Banuet2019Species,
  title = {Beyond Species Loss: Extinction of Interactions in a Changing World.},
  author = {{Valiente-Banuet}, A. and Aizen, M. A. and Alc{\'a}ntara, J. M. and Arroyo, J. and Cocucci, A. and Galetti, M. and Garc{\'i}a, M. B. and Garc{\'i}a, D. and G{\'o}mez, J. M. and Jordano, P. and Medel, R. and Navarro, L. and Obeso, J. R. and Oviedo, R. and Ram{\'i}rez, N. and Rey, P. J. and Traveset, A. and Verd{\'u}, M. and Zamora, R.},
  year = {2019},
  issn = {1365-2435},
  urldate = {2024-07-11}
}

@article{vanderHoorn2018Sparse,
  title = {Sparse {{Maximum-Entropy Random Graphs}} with a {{Given Power-Law Degree Distribution}}},
  author = {{van der Hoorn}, Pim and Lippner, Gabor and Krioukov, Dmitri},
  year = {2018},
  journal = {Journal of Statistical Physics},
  volume = {173},
  number = {3},
  pages = {806--844},
  issn = {1572-9613},
  doi = {10.1007/s10955-017-1887-7},
  urldate = {2021-11-08},
  langid = {english}
}

@article{Vazquez2005Degree,
  title = {Degree Distribution in Plant--Animal Mutualistic Networks: Forbidden Links or Random Interactions?},
  author = {V{\'a}zquez, Diego P.},
  year = {2005},
  journal = {Oikos},
  volume = {108},
  number = {2},
  pages = {421--426},
  issn = {1600-0706},
  doi = {10.1111/j.0030-1299.2005.13619.x},
  urldate = {2022-08-10},
  langid = {english}
}

@article{Vieira2015Simple,
  title = {A Simple Stochastic Model for Complex Coextinctions in Mutualistic Networks: Robustness Decreases with Connectance},
  author = {Vieira, Marcos Costa and {Almeida-Neto}, M{\'a}rio},
  year = {2015},
  journal = {Ecology Letters},
  volume = {18},
  number = {2},
  pages = {144--152},
  issn = {1461-0248},
  doi = {10.1111/ele.12394},
  urldate = {2024-07-16},
  langid = {english}
}

@article{Volterra1927Fluctuations,
  title = {Fluctuations in the {{Abundance}} of a {{Species}} Considered {{Mathematically}}},
  author = {Volterra, Vito},
  year = {1927},
  journal = {Nature},
  volume = {119},
  number = {2983},
  pages = {12--13},
  publisher = {Nature Publishing Group},
  issn = {1476-4687},
  doi = {10.1038/119012b0},
  urldate = {2024-07-11},
  langid = {english}
}

@article{WarrenII2022Seeing,
  title = {Seeing Shapes in Clouds: The Fallacy of Deriving Ecological Hypotheses from Statistical Distributions},
  author = {Warren II, Robert J. and Costa, James T. and Bradford, Mark A.},
  year = {2022},
  journal = {Oikos},
  volume = {2022},
  number = {11},
  pages = {e09315},
  issn = {1600-0706},
  doi = {10.1111/oik.09315},
  urldate = {2022-12-14},
  langid = {english}
}

@article{White2012Characterizing,
  title = {Characterizing Species Abundance Distributions across Taxa and Ecosystems Using a Simple Maximum Entropy Model},
  author = {White, Ethan P. and Thibault, Katherine M. and Xiao, Xiao},
  year = {2012},
  journal = {Ecology},
  volume = {93},
  number = {8},
  pages = {1772--1778},
  issn = {1939-9170},
  doi = {10.1890/11-2177.1},
  urldate = {2024-07-18},
  langid = {english}
}

@article{Williams2000Simple,
  ids = {WillMart00,WillMart00a},
  title = {Simple Rules Yield Complex Food Webs},
  author = {Williams, Richard J. and Martinez, Neo D.},
  year = {2000},
  journal = {Nature},
  volume = {404},
  number = {6774},
  pages = {180--183},
  publisher = {Nature Publishing Group},
  address = {London},
  issn = {1476-4687},
  doi = {10.1038/35004572},
  urldate = {2020-12-19},
  langid = {english}
}

@article{Williams2004Limits,
  title = {Limits to {{Trophic Levels}} and {{Omnivory}} in {{Complex Food Webs}}: {{Theory}} and {{Data}}.},
  author = {Williams, Richard~J. and Martinez, Neo~D.},
  year = {2004},
  journal = {The American Naturalist},
  volume = {163},
  number = {3},
  pages = {458--468},
  publisher = {The University of Chicago Press},
  issn = {0003-0147},
  doi = {10.1086/381964},
  urldate = {2022-08-12}
}

@article{Williams2011Biology,
  ids = {Will11,Will11a},
  title = {Biology, {{Methodology}} or {{Chance}}? {{The Degree Distributions}} of {{Bipartite Ecological Networks}}},
  author = {Williams, Richard J.},
  year = {2011},
  journal = {PLOS ONE},
  volume = {6},
  number = {3},
  pages = {e17645},
  publisher = {Public Library of Science},
  issn = {1932-6203},
  doi = {10.1371/journal.pone.0017645},
  urldate = {2020-03-31},
  langid = {english},
  pmcid = {PMC3048397}
}

@article{Wolff1996Population,
  title = {Population {{Fluctuations}} of {{Mast-Eating Rodents Are Correlated}} with {{Production}} of {{Acorns}}},
  author = {Wolff, Jerry O.},
  year = {1996},
  journal = {Journal of Mammalogy},
  volume = {77},
  number = {3},
  pages = {850--856},
  issn = {0022-2372},
  doi = {10.2307/1382690},
  urldate = {2024-07-10}
}

@article{Woodward2012Climate,
  title = {Climate Change Impacts in Multispecies Systems: Drought Alters Food Web Size Structure in a Field Experiment},
  author = {Woodward, Guy and Brown, Lee E. and Edwards, Francois K. and Hudson, Lawrence N. and Milner, Alexander M. and Reuman, Daniel C. and Ledger, Mark E.},
  year = {2012},
  journal = {Philosophical Transactions of the Royal Society B: Biological Sciences},
  volume = {367},
  number = {1605},
  pages = {2990--2997},
  publisher = {Royal Society},
  doi = {10.1098/rstb.2012.0245},
  urldate = {2024-07-12}
}

@article{Wootton2005Measurement,
  title = {Measurement of {{Interaction Strength}} in {{Nature}}},
  author = {Wootton, J. Timothy and Emmerson, Mark},
  year = {2005},
  journal = {Annual Review of Ecology, Evolution, and Systematics},
  volume = {36},
  number = {Volume 36, 2005},
  pages = {419--444},
  publisher = {Annual Reviews},
  issn = {1543-592X, 1545-2069},
  doi = {10.1146/annurev.ecolsys.36.091704.175535},
  urldate = {2024-07-15},
  langid = {english}
}
